<?xml version="1.0" encoding="UTF-8"?><collection xmlns="http://www.loc.gov/MARC21/slim"><record><leader>00560nam--2200193-u-4500</leader><controlfield tag="001">000055247</controlfield><controlfield tag="002">20161230</controlfield><controlfield tag="005">20161230201052</controlfield><controlfield tag="008">121203s1000------------r-----000-0-rus-d</controlfield><datafield ind1=" " ind2=" " tag="040"><subfield code="a">IFIN-HH</subfield></datafield><datafield ind1=" " ind2=" " tag="041"><subfield code="a">rus</subfield></datafield><datafield ind1=" " ind2=" " tag="080"><subfield code="a">539.2</subfield></datafield><datafield ind1="1" ind2=" " tag="100"><subfield code="a">Malkov, M.P</subfield></datafield><datafield ind1="1" ind2="0" tag="245"><subfield code="a">Spravocenik po fiziko-tehniceskim osnovam glubokogo ohlajenia</subfield><subfield code="c">M.p. malkov, i.b. danilov, a.g. zeldovici, a.b. fradkov</subfield></datafield><datafield ind1=" " ind2=" " tag="260"><subfield code="a">Moskva</subfield><subfield code="b">Energeticeskoe Izdatelstvo</subfield><subfield code="c">1963</subfield></datafield><datafield ind1=" " ind2=" " tag="300"><subfield code="a">416P.+ ANEXA</subfield></datafield><datafield ind1="1" ind2=" " tag="700"><subfield code="a">Fradkiv, A.B</subfield></datafield><datafield ind1=" " ind2=" " tag="852"><subfield code="a">78495</subfield><subfield code="c">539.2</subfield></datafield><datafield ind1=" " ind2=" " tag="CAT"><subfield code="a">Sys</subfield><subfield code="c">20121203</subfield><subfield code="h">101522</subfield></datafield></record></collection>